
-----------------------websites


@misc{umlucd,
  title = {{UML Use Case Diagram}},
  howpublished = { http://www.uml-diagrams.org/use-case-diagrams.html},
  note = {Accessed: 2014-03-18}
}


@misc{wmtwe,
  title = {{What makes teamwork effective}},
  howpublished = {http://smallbusiness.chron.com/teamwork-effective-694.html},
  note = {Accessed: 2015-03-21}
}

@unpublished{rtc,
key = {conflicts}, 
url = {http://www.mindtools.com/pages/article/newTMM_79.html},
title ={{Resolving Team Conflicts}}, 
howpublished={MindTools},
year ={5 January 2015}
}

---------------------------books
@article{hoff, 
author={Hoffer et al.}, 
title={Modern Systems Analysis and Design}, 
publisher={New Jersey, Pearsons}, 
year={2010},
}

//refer to this example
@article{msads, 
author={Rogers, Y., Sharp, H., }, 
title={Interaction Design. 3rd ed. }, 
publisher={New Delhi, John Willes and Sons Ltd}, 
year={2011},
}

@article{larm, 
author={Larman, C.}, 
title={UML and patterns}, 
publisher={Upper Saddle River, N.J, Prentice Hall PTR}, 
year={2005},
}

@article{cadle, 
author={Cadle, J. and Yeates, D.}, 
title={Project management for information systems}, 
publisher={Harlow, Pearson Prentice Hall}, 
year={2005},
}

@article{tff, 
author={May, A.D.}, 
title={Traffic Flow Fundamentals}, 
publisher={Englewood Cliffs, New Jersey, Prentice-Hall, Inc., Englewood Cliffs}, 
year={1978},
}

@article{Sch95,
  author = {Schwaber, Ken},
  keywords = {scrum},
  note = {Presented at {OOPSLA'95} Workshop on Business Object Design and Implementation},
  title = {{SCRUM} Development Process},
  year = {1995},
}

@article{mauro, 
author={Mauro Pezzand Michal Young}, 
title={Software Testing and Analysis : process , principle and Techniques}, 
publisher={Hoboken, N.J, John wiley and Sons}, 
year={2008},
}

@article{boris, 
author={boris bezier}, 
title={Black-Box Testing: Techniques for Functional Testing of Software and Systems}, 
publisher={John Wiley & Sons}, 
year={1995},
}


---------------------------Articles

@article{mayad,
    author    = "May, A.D.",
    title     = "Traffic Flow Fundamentals",
    journal   = "In Transportation Research Record 1132, TRB, National Research Council",
    %pages    = "53-65",
    year      = "1987",
}

@article{vana,
    author    = "Van Aerde, M., S. Yagar, A. Ugge, and E.R. Case",
    title     = "A Review of Candidate Freeway-Arterial Corridor Traffic Models",
    journal   = "In Transportation Research Record 1132, TRB, National Research Council",
    %pages    = "53-65",
    year      = "1987",
  
}

@article{mayad2,
    author    = "May, A.D.",
    title     = "Freeway Simulation Models Revisited",
    journal   = "In Transportation Research Record 1132, TRB, National Research Council",
    %pages    = "94-99",
    year      = "1987",
}


@article{sabra,
    author    = "Sabra, Z.A., and C.R. Stockfisch",
    title     = "Advanced Traffic Models: State-of-the-Art",
    journal   = "ITE Journal",
    %pages    = "31-42",
    year      = "1995",
     %month    = "Sept",
  
}

@article{rathi,
    author    = "Rathi, A.K., and A.J. Santiago",
    title     = "The New NETSIM Simulation Program",
    journal   = "Traffic Engineering and Control",
    %number   = "5",
    %pages    = "317-320",
    year      = "1990",
}

@article{rathi2,
    author    = "Rathi, A.K., and A.J. Santiago",
    title     = "Identical Traffic Streams in the TRAF-NETSIM Simulation Program",
    journal   = "Traffic Engineering and Control",
    %number   = "6",
    %pages    = "351-355",
    year      = "1990",
}

@article{chard,
    author    = "Chard, B.M., and C.T.Lines",
    title     = "TRANSYT-the Latest Developmentsl",
    journal   = "Traffic Engineering and Control",
    %number   = "7",
    %pages    = "387-390",
    year      = "1990",
}

@article{smith,
    author    = "Smith, M.J",
    title     = "A New Dynamic Traffic Model and the Existence and Calculation of Dynamic User Equilibria on Congested Capacity-Constrained Road Networks",
    journal   = "Transportation Research B",
    %volume   = "27B",
    %number   = "1",
    %pages    = "49-63",
    year      = "1993",
}


